@book{Sedra,
    title = {Microelectronic Circuits},
    author = {Adel S. Sedra and Kenneth C. Smith},
    isbn = {978–0–19–933913–6},
    year = {2015},
    publisher = {Oxford University Press},
    edition = {7}
}

@misc{ambientcg,
  author = {Lennart Demes},
  title = {AmbientCG},
  howpublished = "\url{https://ambientcg.com/}",
  year = {2022}, 
  note = "[Online; accessed 1-April-2022]"
}

@misc{sketchfab,
  title = {SketchFab},
  howpublished = "\url{https://sketchfab.com/feed}",
  year = {2022}, 
  note = "[Online; accessed 1-April-2022]"
}